@misc{angular,
  author       = {Google},
  howpublished = {\url{https://angular.dev}},
  title        = {Angular dokumentacja},
  note         = {Dostęp: 2024-11-30},
}

@misc{aws,
  author       = {Matt Garman (CEO)},
  howpublished = {\url{https://docs.aws.amazon.com}},
  title        = {AWS dokumentacja},
  note         = {Dostęp: 2024-11-30},
}

@misc{springboot,
  author       = {Rod Johnson},
  howpublished = {\url{https://docs.spring.io/spring-boot/index.html}},
  title        = {Spring Boot dokumentacja},
  note         = {Dostęp: 2024-11-30},
}

@misc{docker,
  author       = {Docker Inc.},
  howpublished = {\url{https://docs.docker.com}},
  title        = {Docker dokumentacja},
  note         = {Dostęp: 2024-11-30},
}

@misc{terraform,
  author       = {HashiCorp},
  howpublished = {\url{https://developer.hashicorp.com/terraform/docs}},
  title        = {Hashicorp Terraform dokumentacja},
  note         = {Dostęp: 2024-11-30},
}

@misc{zxing,
  author       = {Sean Owen, Daniel Switkin, ZXing Team},
  howpublished = {\url{https://github.com/zxing/zxing}},
  title        = {ZXing repository},
  note         = {Dostęp: 2024-11-30},
}

@misc{nextjs,
  author       = {Vercel},
  howpublished = {\url{https://nextjs.org}},
  title        = {NextJS strona internetowa},
  note         = {Dostęp: 2024-11-30},
}

@misc{vuejs,
  author       = {Evan You and the Core Team},
  howpublished = {\url{https://vuejs.org}},
  title        = {VueJS strona internetowa},
  note         = {Dostęp: 2024-11-30},
}

@misc{sap,
  author       = {Christian Klein (CEO)},
  howpublished = {\url{https://www.sap.com/cmp/dg/na-corporate-brand/index.html}},
  title        = {SAP strona internetowa},
  note         = {Dostęp: 2024-11-30},
}

@misc{oracleNS,
  author       = {Oracle},
  howpublished = {\url{https://www.netsuite.com/portal/home.shtml}},
  title        = {Oracle NetSuite strona internetowa},
  note         = {Dostęp: 2024-11-30},
}

@misc{odoo,
  author       = {Odoo SA},
  howpublished = {\url{www.odoo.com/}},
  title        = {Odoo strona internetowa},
  note         = {Dostęp: 2024-11-30},
}

@misc{zoho,
  author       = {Sridhar Vembu, Sreenivas Kanumuru, Tony G. Thomas},
  howpublished = {\url{https://www.zoho.com/inventory/}},
  title        = {Zoho Inventory strona internetowa},
  note         = {Dostęp: 2024-11-30},
}

@misc{tradegecko,
  author       = {Cameron Priest (CEO)},
  howpublished = {\url{http://www.tradegecko.com}},
  title        = {TradeGecko strona internetowa},
  note         = {Dostęp: 2024-11-30},
}

@misc{pwa,
  author       = {Alex Russell},
  howpublished = {\url{https://web.dev/explore/progressive-web-apps}},
  title        = {PWA strona internetowa},
  note         = {Dostęp: 2024-11-30},
}

@misc{postgresql,
  author       = {PostgreSQL Global Development Group},
  howpublished = {\url{https://www.postgresql.org}},
  title        = {PostgreSQL strona internetowa},
  note         = {Dostęp: 2024-11-30},
}

@misc{fishbowl,
  author       = {Matt Sunbulli (CEO)},
  howpublished = {\url{https://www.fishbowlapp.com}},
  title        = {Fishbowl strona internetowa},
  note         = {Dostęp: 2024-12-14}
}

@misc{sortly,
  author       = {Dhanush Balachandran (CEO)},
  howpublished = {\url{https://www.sortly.com}},
  title        = {Sortly strona internetowa},
  note         = {Dostęp: 2024-12-14}
}

@misc{ks-http,
  author       = {Przemysław Durał},
  howpublished = {\url{https://ks.pl/slownik/co-to-jest-http}},
  title        = {KS - definicja HTTP},
  note         = {Dostęp: 2024-12-16}
}

@misc{leaflet,
  author       = {Volodymyr Agafonkin},
  howpublished = {\url{https://leafletjs.com}},
  title        = {Leaflet strona internetowa},
  note         = {Dostęp: 2024-12-16}
}

@misc{openstreetmap,
  author       = {OpenStreetMap Foundation},
  howpublished = {\url{https://www.openstreetmap.org/}},
  title        = {OpenStreetMap strona internetowa},
  note         = {Dostęp: 2024-12-16}
}

@misc{minecraft-images,
  author       = {Perkins Miller (CEO)},
  howpublished = {\url{https://minecraft.fandom.com/wiki/List_of_block_textures}},
  title        = {Strona internetowa z listą tekstur z gry Minecraft},
  note         = {Dostęp: 2024-12-14},
}

