@misc{angular,
  author       = {Google},
  howpublished = {\url{https://angular.dev}},
  title        = {Angular documentation},
  note         = {Accessed: 2024-11-30},
}

@misc{aws,
  author       = {Matt Garman (CEO)},
  howpublished = {\url{https://docs.aws.amazon.com}},
  title        = {AWS documentation},
  note         = {Accessed: 2024-11-30},
}

@misc{springboot,
  author       = {Rod Johnson},
  howpublished = {\url{https://docs.spring.io/spring-boot/index.html}},
  title        = {Spring Boot documentation},
  note         = {Accessed: 2024-11-30},
}

@misc{docker,
  author       = {Docker Inc.},
  howpublished = {\url{https://docs.docker.com}},
  title        = {Docker documentation},
  note         = {Accessed: 2024-11-30},
}

@misc{terraform,
  author       = {HashiCorp},
  howpublished = {\url{https://developer.hashicorp.com/terraform/docs}},
  title        = {Hashicorp Terraform documentation},
  note         = {Accessed: 2024-11-30},
}

@misc{zxing,
  author       = {Sean Owen, Daniel Switkin, ZXing Team},
  howpublished = {\url{https://github.com/zxing/zxing}},
  title        = {ZXing repository},
  note         = {Accessed: 2024-11-30},
}

@misc{nextjs,
  author       = {Vercel},
  howpublished = {\url{https://nextjs.org}},
  title        = {NextJS website},
  note         = {Accessed: 2024-11-30},
}

@misc{vuejs,
  author       = {Evan You and the Core Team},
  howpublished = {\url{https://vuejs.org}},
  title        = {VueJS website},
  note         = {Accessed: 2024-11-30},
}

@misc{sap,
  author       = {Christian Klein (CEO)},
  howpublished = {\url{https://www.sap.com/cmp/dg/na-corporate-brand/index.html}},
  title        = {SAP website},
  note         = {Accessed: 2024-11-30},
}

@misc{oracleNS,
  author       = {Oracle},
  howpublished = {\url{https://www.netsuite.com/portal/home.shtml}},
  title        = {Oracle NetSuite website},
  note         = {Accessed: 2024-11-30},
}

@misc{odoo,
  author       = {Odoo SA},
  howpublished = {\url{www.odoo.com/}},
  title        = {Odoo website},
  note         = {Accessed: 2024-11-30},
}

@misc{zoho,
  author       = {Sridhar Vembu, Sreenivas Kanumuru, Tony G. Thomas},
  howpublished = {\url{https://www.zoho.com/inventory/}},
  title        = {Zoho Inventory website},
  note         = {Accessed: 2024-11-30},
}

@misc{tradegecko,
  author       = {Cameron Priest (CEO)},
  howpublished = {\url{http://www.tradegecko.com}},
  title        = {TradeGecko website},
  note         = {Accessed: 2024-11-30},
}

@misc{pwa,
  author       = {Alex Russell},
  howpublished = {\url{https://web.dev/explore/progressive-web-apps}},
  title        = {PWA website},
  note         = {Accessed: 2024-11-30},
}

@misc{postgresql,
  author       = {PostgreSQL Global Development Group},
  howpublished = {\url{https://www.postgresql.org}},
  title        = {PostgreSQL website},
  note         = {Accessed: 2024-11-30},
}